@article{bersini,
    author = "Hugues Bersini and Nicolas van Zeebroeck",
    title = "Why Should an Economy Be Competitive?",
    journal = "Lecture notes in economics and mathematical systems",
    volume = "652",
    pages = "117-128",
    year = "2011",
}

@article{umbforabm,
   title = {UML for ABM},
   author = {Bersini, Hugues},
   journal = {Journal of Artificial Societies and Social Simulation},
   ISSN = {1460-7425},
   volume = {15},
   number = {1},
   pages = {9},
   year = {2012},
   DOI = {10.18564/jasss.1897},
}


@book{tesfatsion_handbook,
author = {Tesfatsion, Leigh},
address = {Amsterdam ;},
booktitle = {Handbook of computational economics /},
isbn = {9780444898579},
issn = {15740021},
lccn = {96012806},
publisher = {Elsevier},
series = {Handbook of Computational Economics},
title = {Chapter 16 Agent-Based Computational Economics: A Constructive Approach to Economic Theory},
volume = {2},
}

@article{tesfatsion_complex_adaptive_systems,
  title={Agent-based computational economics: modeling economies as complex adaptive systems},
  author={Tesfatsion, Leigh},
  journal={Information sciences},
  volume={149},
  number={4},
  pages={262--268},
  year={2003},
  publisher={Elsevier}
}

@article{tesfatsion_bottom_up,
  title={Agent-based computational economics: Growing economies from the bottom up},
  author={Tesfatsion, Leigh},
  journal={Artificial life},
  volume={8},
  number={1},
  pages={55--82},
  year={2002},
  publisher={MIT Press}
}

@article{tesfatsion_special_issue,
  title={Introduction to the special issue on agent-based computational economics},
  author={Tesfatsion, Leigh},
  journal={Journal of Economic Dynamics and Control},
  volume={25},
  number={3-4},
  pages={281--293},
  year={2001},
  publisher={Elsevier}
}
	
@article{ABM,
author = {Bonabeau, Eric},
year = {2002},
month = {06},
pages = {7280-7},
title = {Agent-Based Modeling: Methods And Techniques for Simulating Human Systems},
volume = {99 Suppl 3},
journal = {Proceedings of the National Academy of Sciences of the United States of America},
doi = {10.1073/pnas.082080899}
}


@report{nicolasbernier,
author = {Nicolas Bernier},
title = {Comparison between a competitive and a redistributive market economy using computer simulation},
publisher = {ULB},
year = {2014}
}

@book {TheModernVAT,
      author = "Liam Ebrill and Michael Keen and Victoria Perry",
      title = "The Modern VAT",
      year = "2001",
      publisher = "International Monetary Fund",
      address = "USA",
      isbn = "9781589060265"
}

@article{OriginOfVAT,
author = "James, Kathryn", 
title = "Exploring the Origins and Global Rise of VAT",
year = "2011",
url = "http://dx.doi.org/10.2139/ssrn.2291281"
}

@article{virmani2002towards,
  title={Towards a competitive economy: VAT and customs duty reform},
  author={Virmani, Arvind and others},
  journal={Planning Commission Working Paper},
  number={4},
  year={2002},
  publisher={Citeseer}
}

@article{optimalIncomeTax,
  title={Optimal taxation in theory and practice},
  author={Mankiw, N Gregory and Weinzierl, Matthew and Yagan, Danny},
  journal={Journal of Economic Perspectives},
  volume={23},
  number={4},
  pages={147--74},
  year={2009}
}

@article{progressive_taxation,
  title={The efficient side of progressive income taxation},
  author={Corneo, Giacomo},
  journal={European Economic Review},
  volume={46},
  number={7},
  pages={1359--1368},
  year={2002},
  publisher={Elsevier}
}

@article{taxes_inequalities,
  title={Unequal inequalities: Do progressive taxes reduce income inequality?},
  author={Duncan, Denvil and Peter, Klara Sabirianova},
  journal={International Tax and Public Finance},
  volume={23},
  number={4},
  pages={762--783},
  year={2016},
  publisher={Springer}
}

@article{leigh2008redistributive,
  title={Do redistributive state taxes reduce inequality?},
  author={Leigh, Andrew},
  journal={National Tax Journal},
  pages={81--104},
  year={2008},
  publisher={JSTOR}
}

@article{burman2012taxes,
  title={Taxes and inequality},
  author={Burman, Leonard E},
  journal={Tax L. Rev.},
  volume={66},
  pages={563},
  year={2012},
  publisher={HeinOnline}
}

@article{hansson2010wealth,
  title={Is the wealth tax harmful to economic growth?},
  author={Hansson, {\AA}sa},
  journal={World Tax Journal},
  volume={2},
  number={1},
  pages={19--34},
  year={2010},
  publisher={International Bureau of Fiscal Documentation IBFD}
}

@article{straubhaar2017economics,
  title={On the economics of a universal basic income},
  author={Straubhaar, Thomas},
  journal={Intereconomics},
  volume={52},
  number={2},
  pages={74--80},
  year={2017},
  publisher={Springer}
}

@article{eu_trades,
  title={Making EU trade agreements work: the role of rules of origin},
  author={Brenton, Paul and Manchin, Miriam},
  journal={World Economy},
  volume={26},
  number={5},
  pages={755--769},
  year={2003},
  publisher={Wiley Online Library}
}

@article{stephens2019universal,
  title={The universal basic income},
  author={Stephens, Robert},
  journal={Policy Quarterly},
  volume={15},
  number={1},
  year={2019}
}

@article{bayenetSlides1,
  title={Rappel des concepts économiques},
  author={Benoît Bayenet},
  pages={17},
}

@article{oecdBlack,
  title={Measuring thenon-observed economy},
  author={Derek Blades and David Roberts},
  year={2002},
}

@book{pyle1989tax,
  title={Tax evasion and the black economy},
  author={Pyle, David J},
  year={1989},
  publisher={Springer}
}

@article{blackEcoImpact,
  title={Impact of the shadow economy on income},
  author={Anna Krajewska},
  year={2004},
  publisher={ACTA UNIVERSITATIS LODZIENSIS},
  pages={283}
}

@Article{Unemployment1,
  author={H. Naci Mocan},
  title={{Structural Unemployment, Cyclical Unemployment, and Income Inequality}},
  journal={The Review of Economics and Statistics},
  year=1999,
  volume={81},
  number={1},
  pages={122-134},
}

@article{Unemployment2,
 author = {Rubens Penha Cysne},
 journal = {The Review of Economics and Statistics},
 number = {1},
 pages = {218--226},
 publisher = {The MIT Press},
 title = {ON THE POSITIVE CORRELATION BETWEEN INCOME INEQUALITY AND UNEMPLOYMENT},
 volume = {91},
 year = {2009}
}


@article{exprimentationNumeriqueParOrdinateur,
 author = {Jean-François Colonna and Marie Farge},
 title = {L'expérimentation numérique par ordinateur}
}

@article{weatherForecasting,
  title={Computational intelligence in weather forecasting: A review},
  author={Bushara, Nazim Osman and Abraham, Ajith and others},
  journal={Journal of Network and Innovative Computing},
  volume={1},
  number={2013},
  pages={320--331},
  year={2013}
}

@article{ctaiABMBersini,
 author = {Hugues Bersini},
 title = {Current Trends in Artificial Intelligence - Agent-based modelling}
}

@article{MauroGallegati,
 author = {Mauro Gallegati},
 title = {Agent Based Models in Economics and Complexity}
}

@article{contiGA,
 author = { Randy L. Haupt and Sue Ellen Haupt},
 title = {Practical Genetic Algorithms - The Continuous Genetic Algorithm},
}

@article{pso,
 author = {Dongshu Wang, Dapei Tan and Lei Liu},
 title = {Particle swarm optimization algorithm: an overview},
}

@article{psoDorigo,
 author = {Marco Dorigo},
 title = {INFO-H-414 - Swarm intelligence (taught at ULB)},
}